<record><leader>00000cas a22000007a 4500</leader><controlfield tag="001">1770217</controlfield><controlfield tag="008">751101d19311942mnuwr ne      0    0eng d</controlfield><datafield ind1=" " ind2=" " tag="010"><subfield code="a">sn 90057669 </subfield></datafield><datafield ind1=" " ind2=" " tag="040"><subfield code="a">MUL</subfield><subfield code="b">eng</subfield><subfield code="c">MUL</subfield><subfield code="d">OCL</subfield><subfield code="d">MN#</subfield><subfield code="d">OCLCQ</subfield><subfield code="d">OCLCF</subfield><subfield code="d">OCLCO</subfield></datafield><datafield ind1=" " ind2=" " tag="042"><subfield code="a">msc</subfield></datafield><datafield ind1=" " ind2=" " tag="043"><subfield code="a">n-us-mn</subfield></datafield><datafield ind1=" " ind2=" " tag="052"><subfield code="a">4144</subfield><subfield code="b">W9</subfield></datafield><datafield ind1=" " ind2=" " tag="052"><subfield code="a">4143</subfield><subfield code="b">N6</subfield></datafield><datafield ind1="0" ind2="4" tag="245"><subfield code="a">The Worthington news-reminder.</subfield></datafield><datafield ind1="3" ind2="0" tag="246"><subfield code="a">News-reminder</subfield></datafield><datafield ind1="3" ind2="0" tag="246"><subfield code="a">Worthington news and reminder</subfield></datafield><datafield ind1=" " ind2=" " tag="260"><subfield code="a">Worthington, Minn. :</subfield><subfield code="b">[s.n.].,</subfield><subfield code="c">-1942.</subfield></datafield><datafield ind1=" " ind2=" " tag="300"><subfield code="a">v.</subfield></datafield><datafield ind1=" " ind2=" " tag="310"><subfield code="a">Weekly</subfield></datafield><datafield ind1="0" ind2=" " tag="362"><subfield code="a">-12th year (Dec. 3, 1942).</subfield></datafield><datafield ind1="1" ind2=" " tag="362"><subfield code="a">Began in 1931.</subfield></datafield><datafield ind1=" " ind2=" " tag="500"><subfield code="a">Published as: The news-reminder, June 11, 1942.</subfield></datafield><datafield ind1=" " ind2=" " tag="530"><subfield code="a">Available on microfilm from the Minnesota Historical Society.</subfield></datafield><datafield ind1=" " ind2=" " tag="588"><subfield code="a">Description based on: 10th year (Nov. 28, 1940).</subfield></datafield><datafield ind1=" " ind2="0" tag="651"><subfield code="a">Worthington (Minn.)</subfield><subfield code="v">Newspapers.</subfield></datafield><datafield ind1=" " ind2="7" tag="655"><subfield code="a">Newspapers.</subfield><subfield code="2">fast</subfield><subfield code="0">(OCoLC)fst01423814</subfield></datafield><datafield ind1=" " ind2="7" tag="651"><subfield code="a">Minnesota</subfield><subfield code="z">Worthington.</subfield><subfield code="2">fast</subfield><subfield code="0">(OCoLC)fst01220212</subfield></datafield><datafield ind1=" " ind2=" " tag="752"><subfield code="a">United States</subfield><subfield code="b">Minnesota</subfield><subfield code="c">Nobles</subfield><subfield code="d">Worthington.</subfield></datafield><datafield ind1="0" ind2="0" tag="785"><subfield code="t">News-reminder (Worthington, Minn.)</subfield><subfield code="w">(DLC)sn 90057670</subfield></datafield></record>